%% This BibTeX bibliography file was created using BibDesk.
%% http://bibdesk.sourceforge.net/


%% Created for Neoklis Polyzotis at 2012-08-12 00:43:46 +0300 


%% Saved with string encoding Unicode (UTF-8) 

@inproceedings{DBLP:conf/vldb/Parameswaran2013,
  author    = {Aditya Parameswaran and Neoklis Polyzotis and Hector Garcia-Molina},
  title     = {SeeDB: Visualizing Database Queries Efï¿½ciently},
  booktitle = {VLDB},
  volume    = {7},
  year      = {2013},
  pages		= {325-328},
  ee        = {http://www.vldb.org/pvldb/vol7/p325-parameswaran.pdf},
}



@misc{mimic,
   title = "Mimic II Database",
   url = "http://mimic.physionet.org/",
   note = "[Online; accessed 3-March-2014]"
 }


@misc{tableau,
   title = "Tableau Public",
   url = "www.tableaupublic.com/",
   note = "[Online; accessed 3-March-2014]"
 }
 
 @misc{superstore,
   title = "Tableau SuperStore Data",
   url = "http://community.tableausoftware.com/docs/DOC-1236",
   note = "[Online; accessed 3-March-2014]"
 }
 
 @misc{election_data,
   title = "FEC Presidential Campaign Finance",
   url = "http://fec.gov/disclosurep/pnational.do",
   note = "[Online; accessed 3-March-2014]"
 }

@inproceedings{DBLP:conf/vldb/Sarawagi99,
  author    = {Sunita Sarawagi},
  title     = {Explaining Differences in Multidimensional Aggregates},
  booktitle = {VLDB},
  year      = {1999},
  pages     = {42-53},
  ee        = {http://www.vldb.org/conf/1999/P4.pdf},
  crossref  = {DBLP:conf/vldb/99},
  bibsource = {DBLP, http://dblp.uni-trier.de}
}

@article{count-min-sketches,
  author    = {Graham Cormode and
               S. Muthukrishnan},
  title     = {An improved data stream summary: the count-min sketch and
               its applications},
  journal   = {J. Algorithms},
  volume    = {55},
  number    = {1},
  year      = {2005},
  pages     = {58-75},
  ee        = {http://dx.doi.org/10.1016/j.jalgor.2003.12.001},
  bibsource = {DBLP, http://dblp.uni-trier.de}
}


@article{dbo,
  author 	= {Chris Jermaine and others},
  author    = {Chris Jermaine and
               Subramanian Arumugam and
               Abhijit Pol and
               Alin Dobra},
  title     = {Scalable approximate query processing with the DBO engine},
  journal   = {ACM Trans. Database Syst.},
  volume    = {33},
  number    = {4},
  year      = {2008},
  ee        = {http://doi.acm.org/10.1145/1412331.1412335},
  bibsource = {DBLP, http://dblp.uni-trier.de}
}

@inproceedings{wavelets,
  author 	= {Kaushik Chakrabarti and others},
  author    = {Kaushik Chakrabarti and
               Minos N. Garofalakis and
               Rajeev Rastogi and
               Kyuseok Shim},
  title     = {Approximate Query Processing Using Wavelets},
  booktitle = {VLDB},
  year      = {2000},
  pages     = {111-122},
  ee        = {http://www.vldb.org/conf/2000/P111.pdf},
  crossref  = {DBLP:conf/vldb/2000},
  bibsource = {DBLP, http://dblp.uni-trier.de}
}

@article{tr,
  author    = {Aditya Parameswaran and Neoklis Polyzotis and Hector Garcia-Molina},
  title     = {{SeeDB: Visualizing Database Queries Efficiently}},
  journal   = {Stanford Infolab},
  year      = {2013},
}


@article{DBLP:journals/tods/Sellis88,
  author    = {Timos K. Sellis},
  title     = {Multiple-Query Optimization},
  journal   = {ACM TODS},
  volume    = {13},
  number    = {1},
  year      = {1988},
  pages     = {23-52},
  ee        = {http://doi.acm.org/10.1145/42201.42203},
  bibsource = {DBLP, http://dblp.uni-trier.de}
}



@inproceedings{DBLP:conf/sigmod/HellersteinHW97,
  author    = {Joseph M. Hellerstein and
               Peter J. Haas and
               Helen J. Wang},
  editor    = {Joan Peckham},
  title     = {Online Aggregation},
  booktitle = {SIGMOD 1997},
  publisher = {ACM Press},
  year      = {1997},
  pages     = {171-182},
}


@inproceedings{DBLP:conf/vldb/Gibbons01,
  author    = {Phillip B. Gibbons},
  title     = {Distinct Sampling for Highly-Accurate Answers to Distinct
               Values Queries and Event Reports},
  booktitle = {VLDB},
  year      = {2001},
  pages     = {541-550},
}

@misc{ wikipedia-prob-dist,
   author = "Wikipedia",
   title = "Statistical distance --- Wikipedia{,} The Free Encyclopedia",
   year = "2013",
   url = "http://en.wikipedia.org/w/index.php?title=Statistical_distance&oldid=547827575",
   note = "[Online; accessed 16-July-2013]"
 }


@misc{ wikipedia-KL,
   author = "Wikipedia",
   title = "Kullback Leibler divergence --- Wikipedia{,} The Free Encyclopedia",
   year = "2013",
   url = "http://en.wikipedia.org/w/index.php?title=Kullback_Leibler_divergence&oldid=556275957",
   note = "[Online; accessed 16-July-2013]"
 }

 @misc{ wikipedia-JS,
   author = "Wikipedia",
   title = "Jensen Shannon divergence --- Wikipedia{,} The Free Encyclopedia",
   year = "2013",
   url = "http://en.wikipedia.org/w/index.php?title=Jensen_Shannon_divergence&oldid=563434492",
   note = "[Online; accessed 16-July-2013]"
 }



@Article{entropy-vis,
AUTHOR = {Wang, Chaoli and Shen, Han-Wei},
TITLE = {Information Theory in Scientific Visualization},
JOURNAL = {Entropy},
VOLUME = {13},
YEAR = {2011},
NUMBER = {1},
PAGES = {254--273},
URL = {http://www.mdpi.com/1099-4300/13/1/254},
ISSN = {1099-4300},
DOI = {10.3390/e13010254}
}



@article{olap,
 author = {Chaudhuri, Surajit and Dayal, Umeshwar},
 title = {An overview of data warehousing and OLAP technology},
 journal = {SIGMOD Rec.},
 issue_date = {March 1997},
 volume = {26},
 number = {1},
 month = mar,
 year = {1997},
 issn = {0163-5808},
 pages = {65--74},
 numpages = {10},
 url = {http://doi.acm.org/10.1145/248603.248616},
 doi = {10.1145/248603.248616},
 acmid = {248616},
 publisher = {ACM},
 address = {New York, NY, USA},
} 



@article{friedhoff1990eye,
  title={The eye of the beholder},
  author={Friedhoff, Richard Mark and Kiely, Thomas},
  journal={Computer Graphics World},
  volume={13},
  number={8},
  pages={46--59},
  year={1990}
}

@inproceedings{DBLP:conf/infovis/Yang-PelaezF00,
  author    = {Julie Yang-Pel{\'a}ez and
               Woodie Flowers},
  title     = {Information Content Measures of Visual Displays},
  booktitle = {INFOVIS},
  year      = {2000},
  pages     = {99-103},
  ee        = {http://doi.ieeecomputersociety.org/10.1109/INFVIS.2000.885096},
  bibsource = {DBLP, http://dblp.uni-trier.de}
}

@inproceedings{DBLP:conf/infovis/WongCFJT00,
  author    = {Pak Chung Wong and
               Wendy Cowley and
               Harlan Foote and
               Elizabeth Jurrus and
               Jim Thomas},
  title     = {Visualizing Sequential Patterns for Text Mining},
  booktitle = {INFOVIS},
  year      = {2000},
  pages     = {105-111},
  ee        = {http://doi.ieeecomputersociety.org/10.1109/INFVIS.2000.885097},
  bibsource = {DBLP, http://dblp.uni-trier.de}
}

@inproceedings{Lin07selectingstars:,
	Author = {Xuemin Lin and Yidong Yuan and Qing Zhang and Ying Zhang},
	Booktitle = {in ICDE},
	Date-Added = {2012-08-11 21:43:30 +0000},
	Date-Modified = {2012-08-11 21:43:30 +0000},
	Title = {Selecting Stars: the k Most Representative Skyline Operator},
	Year = {2007}}

@inproceedings{DBLP:conf/pods/PapadimitriouY01,
	Author = {Christos H. Papadimitriou and Mihalis Yannakakis},
	Bibsource = {DBLP, http://dblp.uni-trier.de},
	Booktitle = {PODS},
	Crossref = {DBLP:conf/pods/2001},
	Date-Added = {2012-08-11 21:41:30 +0000},
	Date-Modified = {2012-08-11 21:41:30 +0000},
	Ee = {http://doi.acm.org/10.1145/375551.375560, http://www.acm.org/sigs/sigmod/pods/proc01/online/p35.pdf},
	Title = {Multiobjective Query Optimization},
	Year = {2001}}

@proceedings{DBLP:conf/pods/2001,
	Bibsource = {DBLP, http://dblp.uni-trier.de},
	Date-Added = {2012-08-11 21:41:30 +0000},
	Date-Modified = {2012-08-11 21:41:30 +0000},
	Editor = {Peter Buneman},
	Ee = {http://dl.acm.org/citation.cfm?id=375551},
	Isbn = {1-58113-361-8},
	Publisher = {ACM},
	Title = {Proceedings of the Twentieth ACM SIGACT-SIGMOD-SIGART Symposium on Principles of Database Systems, May 21-23, 2001, Santa Barbara, California, USA},
	Year = {2001}}

@article{DBLP:journals/ftdb/DeshpandeIR07,
	Author = {Amol Deshpande and Zachary G. Ives and Vijayshankar Raman},
	Bibsource = {DBLP, http://dblp.uni-trier.de},
	Date-Added = {2012-08-11 21:39:28 +0000},
	Date-Modified = {2012-08-11 21:39:28 +0000},
	Ee = {http://dx.doi.org/10.1561/1900000001},
	Journal = {Foundations and Trends in Databases},
	Number = {1},
	Pages = {1-140},
	Title = {Adaptive Query Processing},
	Volume = {1},
	Year = {2007}}

@inproceedings{DBLP:conf/sigmod/GonzalezHJLMSSG10,
	Author = {Hector Gonzalez and others},
	Author = {Hector Gonzalez and Alon Y. Halevy and Christian S. Jensen and Anno Langen and Jayant Madhavan and Rebecca Shapley and Warren Shen and Jonathan Goldberg-Kidon},
	Bibsource = {DBLP, http://dblp.uni-trier.de},
	Booktitle = {SIGMOD Conference},
	Ee = {http://doi.acm.org/10.1145/1807167.1807286},
	Pages = {1061-1066},
	Title = {Google fusion tables: web-centered data management and collaboration},
	Year = {2010}}

@inproceedings{DBLP:conf/sigmod/LivnyRBCDLMW97,
	Author = {Miron Livny and others},
	Author = {Miron Livny and Raghu Ramakrishnan and Kevin S. Beyer and Guangshun Chen and Donko Donjerkovic and Shilpa Lawande and Jussi Myllymaki and R. Kent Wenger},
	Bibsource = {DBLP, http://dblp.uni-trier.de},
	Booktitle = {SIGMOD Conference},
	Ee = {http://doi.acm.org/10.1145/253260.253335, db/conf/sigmod/LivnyRBCDLMW97.html},
	Pages = {301-312},
	Title = {DEVise: Integrated Querying and Visualization of Large Datasets},
	Year = {1997}}

@article{DBLP:journals/tvcg/MackinlayHS07,
	Author = {Jock D. Mackinlay and others},
	Author = {Jock D. Mackinlay and Pat Hanrahan and Chris Stolte},
	Bibsource = {DBLP, http://dblp.uni-trier.de},
	Ee = {http://doi.ieeecomputersociety.org/10.1109/TVCG.2007.70594},
	Journal = {IEEE Trans. Vis. Comput. Graph.},
	Number = {6},
	Pages = {1137-1144},
	Title = {Show Me: Automatic Presentation for Visual Analysis},
	Volume = {13},
	Year = {2007}}

@inproceedings{DBLP:conf/cikm/DashRMAL08,
	Author = {Debabrata Dash and Jun Rao and Nimrod Megiddo and Anastasia Ailamaki and Guy M. Lohman},
	Bibsource = {DBLP, http://dblp.uni-trier.de},
	Booktitle = {CIKM},
	Ee = {http://doi.acm.org/10.1145/1458082.1458087},
	Pages = {3-12},
	Title = {Dynamic faceted search for discovery-driven analysis},
	Year = {2008}}

@inproceedings{DBLP:conf/vldb/SatheS01,
	Author = {Gayatri Sathe and Sunita Sarawagi},
	Bibsource = {DBLP, http://dblp.uni-trier.de},
	Booktitle = {VLDB},
	Ee = {http://www.vldb.org/conf/2001/P531.pdf},
	Pages = {531-540},
	Title = {Intelligent Rollups in Multidimensional OLAP Data},
	Year = {2001}}

@inproceedings{DBLP:conf/sigmod/Sarawagi00,
	Author = {Sunita Sarawagi and Gayatri Sathe},
	Bibsource = {DBLP, http://dblp.uni-trier.de},
	Booktitle = {SIGMOD Conference},
	Ee = {http://doi.acm.org/10.1145/342009.336564, db/conf/sigmod/Sarawagi00.html},
	Pages = {589},
	Title = {i$^{\mbox{3}}$: Intelligent, Interactive Investigaton of OLAP data cubes},
	Year = {2000}}

@inproceedings{DBLP:conf/vldb/Sarawagi00,
	Author = {Sunita Sarawagi},
	Bibsource = {DBLP, http://dblp.uni-trier.de},
	Booktitle = {VLDB},
	Ee = {db/conf/vldb/Sarawagi00.html},
	Pages = {307-316},
	Title = {User-Adaptive Exploration of Multidimensional Data},
	Year = {2000}}

@article{DBLP:journals/cacm/StolteTH08,
	Author = {Chris Stolte and others},
	Author = {Chris Stolte and Diane Tang and Pat Hanrahan},
	Bibsource = {DBLP, http://dblp.uni-trier.de},
	Ee = {http://doi.acm.org/10.1145/1400214.1400234},
	Journal = {Commun. ACM},
	Number = {11},
	Pages = {75-84},
	Title = {Polaris: a system for query, analysis, and visualization of multidimensional databases},
	Volume = {51},
	Year = {2008}}

@inproceedings{DBLP:conf/sigmod/Hanrahan12,
	Author = {Pat Hanrahan},
	Bibsource = {DBLP, http://dblp.uni-trier.de},
	Booktitle = {SIGMOD Conference},
	Ee = {http://doi.acm.org/10.1145/2213836.2213902},
	Pages = {577-578},
	Title = {Analytic database technologies for a new kind of user: the data enthusiast},
	Year = {2012}}

@inproceedings{DBLP:conf/chi/KandelPHH11,
	Author = {Sean Kandel and others},
	Author = {Sean Kandel and Andreas Paepcke and Joseph Hellerstein and Jeffrey Heer},
	Bibsource = {DBLP, http://dblp.uni-trier.de},
	Booktitle = {CHI},
	Ee = {http://doi.acm.org/10.1145/1978942.1979444},
	Pages = {3363-3372},
	Title = {Wrangler: interactive visual specification of data transformation scripts},
	Year = {2011}}

@article{DBLP:journals/pvldb/HeerH09,
	Author = {Jeffrey Heer and Joseph M. Hellerstein},
	Bibsource = {DBLP, http://dblp.uni-trier.de},
	Ee = {http://www.vldb.org/pvldb/2/vldb09-tutorial2.pdf},
	Journal = {PVLDB},
	Number = {2},
	Pages = {1656-1657},
	Title = {Data visualization {\&} social data analysis},
	Volume = {2},
	Year = {2009}}

@inproceedings{DBLP:conf/uist/GuoKHH11,
	Author = {Philip J. Guo and Sean Kandel and Joseph M. Hellerstein and Jeffrey Heer},
	Bibsource = {DBLP, http://dblp.uni-trier.de},
	Booktitle = {UIST},
	Ee = {http://doi.acm.org/10.1145/2047196.2047205},
	Pages = {65-74},
	Title = {Proactive wrangling: mixed-initiative end-user programming of data transformation scripts},
	Year = {2011}}

@inproceedings{DBLP:conf/avi/KandelPPHH12,
	Author = {Sean Kandel and others},
	Author = {Sean Kandel and Ravi Parikh and Andreas Paepcke and Joseph M. Hellerstein and Jeffrey Heer},
	Bibsource = {DBLP, http://dblp.uni-trier.de},
	Booktitle = {AVI},
	Ee = {http://doi.acm.org/10.1145/2254556.2254659},
	Pages = {547-554},
	Title = {Profiler: integrated statistical analysis and visualization for data quality assessment},
	Year = {2012}}
